@article{resende1995grasp,
	year={1995},
	issn={0925-5001},
	journal={Journal of Global Optimization},
	volume={6},
	number={2},
	doi={10.1007/BF01096763},
	title={Greedy Randomized Adaptive Search Procedures},
	url={http://dx.doi.org/10.1007/BF01096763},
	publisher={Kluwer Academic Publishers},
	keywords={Combinatorial optimization; search heuristic; GRASP; computer implementation},
	author={Feo, ThomasA. and Resende, MauricioG.C.},
	pages={109-133},
	language={English}
},

@article{shaw1998using,
	title={Using constraint programming and local search methods to solve vehicle routing problems},
	author={Shaw, Paul},
	booktitle={Principles and Practice of Constraint Programming—CP98},
	pages={417--431},
	year={1998},
	publisher={Springer}
},

@article{hansen2001vns,
	title = "Variable neighborhood search: Principles and applications ",
	journal = "European Journal of Operational Research ",
	volume = "130",
	number = "3",
	pages = "449 - 467",
	year = "2001",
	note = "",
	issn = "0377-2217",
	author = "Pierre Hansen and Nenad Mladenović",
},

@article{2012ProblemDefinition,
	title = {Google roadef/euro challenge 2011-2012: Machine reassignment},
	note = {\url{http://challenge.roadef.org/2012/files/problem_definition_v1}, visitado el 20-05-2015},
	year = {2012}
},

@article{2012ROADEFresults,
	title = {Google roadef/euro challenge 2011-2012: Qualification and final results},
	note = {\url{http://challenge.roadef.org/2012/files/Roadef%20-%20results.pdf}, visitado el 20-05-2015},
	year = {2012},
	
},

@article{mehta2012comparing,
	year={2012},
	isbn={978-3-642-33557-0},
	booktitle={Principles and Practice of Constraint Programming},
	series={Lecture Notes in Computer Science},
	editor={Milano, Michela},
	doi={10.1007/978-3-642-33558-7_56},
	title={Comparing Solution Methods for the Machine Reassignment Problem},
	publisher={Springer Berlin Heidelberg},
	author={Mehta, Deepak and O’Sullivan, Barry and Simonis, Helmut},
	pages={782-797},
	language={English}
},

@article{gavranovic2012variable,
	title={Variable neighborhood search for google machine reassignment problem},
	author={Gavranovi{\'c}, Haris and Buljuba{\v{s}}i{\'c}, Mirsad and Demirovi{\'c}, Emir},
	journal={Electronic Notes in Discrete Mathematics},
	volume={39},
	pages={209--216},
	year={2012},
	publisher={Elsevier}
},

@article{gabay2012grasp,
	title={A GRASP approach for the machine reassignment problem},
	author={Gabay, Micha{\"e}l and Zaourar, Sofia},
	booktitle={EURO 2012-25th European Conference on Operational Research},
	year={2012}
},

@article{masson2013iterated,
	title={An iterated local search heuristic for multi-capacity bin packing and machine reassignment problems},
	author={Masson, Renaud and Vidal, Thibaut and Michallet, Julien and Penna, Puca Huachi Vaz and Petrucci, Vinicius and Subramanian, Anand and Dubedout, Hugues},
	journal={Expert Systems with Applications},
	volume={40},
	number={13},
	pages={5266--5275},
	year={2013},
	publisher={Elsevier}
},

@article{malitsky2013tuning,
	title={Tuning parameters of large neighborhood search for the machine reassignment problem},
	author={Malitsky, Yuri and Mehta, Deepak and O’Sullivan, Barry and Simonis, Helmut},
	booktitle={Integration of AI and OR techniques in constraint programming for combinatorial optimization problems},
	pages={176--192},
	year={2013},
	publisher={Springer}
},


@article{gabay2013variable,
	title={Variable size vector bin packing heuristics-Application to the machine reassignment problem},
	author={Gabay, Micha{\"e}l and Zaourar, Sofia},
	journal={HAL preprint hal},
	volume={vol. 868016},
	year={2013}
}, 

@article{saber2014genepi,
	title={GeNePi: A Multi-Objective Machine Reassignment Algorithm for Data Centres},
	author={Saber, Takfarinas and Ventresque, Anthony and Gandibleux, Xavier and Murphy, Liam},
	booktitle={Hybrid Metaheuristics},
	pages={115--129},
	year={2014},
	publisher={Springer}
},

@article{gavranovicefficient,
	title={An efficient local search with noising strategy for Google Machine Reassignment problem},
	author={Gavranovi{\'c}, Haris and Buljuba{\v{s}}i{\'c}, Mirsad},
	journal={Annals of Operations Research},
	pages={1--13},
	publisher={Springer},
	year={2014}
}

@article{DCEfficiencyAssessment,
	title={Data Center Efficiency Assessment},
	author={Anthesis, Natural Resources Defense Council NRDC},
	year={2014},
	note = {\url{https://www.nrdc.org/energy/files/data-center-efficiency-assessment-IP.pdf}, visitado el 23-05-2015}
}

@article{jaskowskihybrid,
	title={A hybrid MIP-based large neighborhood search heuristic for solving the machine reassignment problem},
	author={Ja{\'s}kowski, W and Szubert, M and Gawron, P},
	journal={Annals of Operations Research},
	pages={1--30},
	publisher={Springer},
	year={2015}
},

@article{lopes2015heuristics,
	title={Heuristics and matheuristics for a real-life machine reassignment problem},
	author={Lopes, Ramon and Morais, Vinicius WC and Noronha, Thiago F and Souza, Vitor AA},
	journal={International Transactions in Operational Research},
	volume={22},
	number={1},
	pages={77--95},
	year={2015},
	publisher={Wiley Online Library}
},

@article{portal2015sa,
	year={2015},
	issn={0254-5330},
	journal={Annals of Operations Research},
	doi={10.1007/s10479-014-1771-7},
	title={Simulated annealing for the machine reassignment problem},
	url={http://dx.doi.org/10.1007/s10479-014-1771-7},
	publisher={Springer US},
	keywords={Machine reassignment; Scheduling; Simulated annealing},
	author={Portal, GabrielM. and Ritt, Marcus and Borba, LeonardoM. and Buriol, LucianaS.},
	pages={1-22},
	language={English}
}













